[{"id":196828877,"price":"0.03216800","qty":"0.00300000","quoteQty":"0.00009650","time":1602208293893,"isBuyerMaker":true,"isBestMatch":true},{"id":196828878,"price":"0.03216800","qty":"0.30300000","quoteQty":"0.00974690","time":1602208301104,"isBuyerMaker":true,"isBestMatch":true},{"id":196828879,"price":"0.03217000","qty":"0.14100000","quoteQty":"0.00453597","time":1602208305825,"isBuyerMaker":false,"isBestMatch":true},{"id":196828880,"price":"0.03217200","qty":"0.04500000","quoteQty":"0.00144774","time":1602208305926,"isBuyerMaker":false,"isBestMatch":true},{"id":196828881,"price":"0.03217400","qty":"1.63700000","quoteQty":"0.05266883","time":1602208310276,"isBuyerMaker":false,"isBestMatch":true},{"id":196828882,"price":"0.03217400","qty":"0.93200000","quoteQty":"0.02998616","time":1602208310609,"isBuyerMaker":false,"isBestMatch":true},{"id":196828883,"price":"0.03217400","qty":"0.31100000","quoteQty":"0.01000611","time":1602208310710,"isBuyerMaker":false,"isBestMatch":true},{"id":196828884,"price":"0.03217400","qty":"2.76700000","quoteQty":"0.08902545","time":1602208310902,"isBuyerMaker":false,"isBestMatch":true},{"id":196828885,"price":"0.03217300","qty":"2.20400000","quoteQty":"0.07090929","time":1602208312198,"isBuyerMaker":false,"isBestMatch":true},{"id":196828886,"price":"0.03217300","qty":"0.02200000","quoteQty":"0.00070780","time":1602208313646,"isBuyerMaker":true,"isBestMatch":true},{"id":196828887,"price":"0.03217200","qty":"0.33300000","quoteQty":"0.01071327","time":1602208325254,"isBuyerMaker":true,"isBestMatch":true},{"id":196828888,"price":"0.03217200","qty":"0.02500000","quoteQty":"0.00080430","time":1602208325968,"isBuyerMaker":true,"isBestMatch":true},{"id":196828889,"price":"0.03217200","qty":"0.33100000","quoteQty":"0.01064893","time":1602208327254,"isBuyerMaker":true,"isBestMatch":true},{"id":196828890,"price":"0.03217200","qty":"0.33100000","quoteQty":"0.01064893","time":1602208328254,"isBuyerMaker":true,"isBestMatch":true},{"id":196828891,"price":"0.03217300","qty":"0.24500000","quoteQty":"0.00788238","time":1602208336825,"isBuyerMaker":false,"isBestMatch":true},{"id":196828892,"price":"0.03217500","qty":"0.02400000","quoteQty":"0.00077220","time":1602208356661,"isBuyerMaker":false,"isBestMatch":true},{"id":196828893,"price":"0.03217400","qty":"1.00000000","quoteQty":"0.03217400","time":1602208363859,"isBuyerMaker":true,"isBestMatch":true},{"id":196828894,"price":"0.03217400","qty":"2.52400000","quoteQty":"0.08120717","time":1602208363859,"isBuyerMaker":true,"isBestMatch":true},{"id":196828895,"price":"0.03217500","qty":"0.00100000","quoteQty":"0.00003217","time":1602208364915,"isBuyerMaker":false,"isBestMatch":true},{"id":196828896,"price":"0.03217600","qty":"1.00000000","quoteQty":"0.03217600","time":1602208364973,"isBuyerMaker":false,"isBestMatch":true},{"id":196828897,"price":"0.03217900","qty":"15.61900000","quoteQty":"0.50260380","time":1602208365183,"isBuyerMaker":false,"isBestMatch":true},{"id":196828898,"price":"0.03217900","qty":"0.03300000","quoteQty":"0.00106190","time":1602208365290,"isBuyerMaker":false,"isBestMatch":true},{"id":196828899,"price":"0.03217800","qty":"4.80400000","quoteQty":"0.15458311","time":1602208365415,"isBuyerMaker":true,"isBestMatch":true},{"id":196828900,"price":"0.03217800","qty":"1.15900000","quoteQty":"0.03729430","time":1602208365415,"isBuyerMaker":true,"isBestMatch":true},{"id":196828901,"price":"0.03217900","qty":"0.46500000","quoteQty":"0.01496323","time":1602208365478,"isBuyerMaker":false,"isBestMatch":true},{"id":196828902,"price":"0.03217900","qty":"7.88300000","quoteQty":"0.25366705","time":1602208365585,"isBuyerMaker":false,"isBestMatch":true},{"id":196828903,"price":"0.03218000","qty":"2.88000000","quoteQty":"0.09267840","time":1602208365683,"isBuyerMaker":false,"isBestMatch":true},{"id":196828904,"price":"0.03218000","qty":"0.21500000","quoteQty":"0.00691870","time":1602208365683,"isBuyerMaker":false,"isBestMatch":true},{"id":196828905,"price":"0.03218000","qty":"16.93100000","quoteQty":"0.54483958","time":1602208365801,"isBuyerMaker":false,"isBestMatch":true},{"id":196828906,"price":"0.03218000","qty":"1.39300000","quoteQty":"0.04482674","time":1602208365902,"isBuyerMaker":false,"isBestMatch":true},{"id":196828907,"price":"0.03218000","qty":"4.29100000","quoteQty":"0.13808438","time":1602208366022,"isBuyerMaker":false,"isBestMatch":true},{"id":196828908,"price":"0.03218000","qty":"16.99200000","quoteQty":"0.54680256","time":1602208366140,"isBuyerMaker":false,"isBestMatch":true},{"id":196828909,"price":"0.03218000","qty":"0.17800000","quoteQty":"0.00572804","time":1602208366227,"isBuyerMaker":false,"isBestMatch":true},{"id":196828910,"price":"0.03218000","qty":"7.70000000","quoteQty":"0.24778600","time":1602208366227,"isBuyerMaker":false,"isBestMatch":true},{"id":196828911,"price":"0.03218000","qty":"0.08000000","quoteQty":"0.00257440","time":1602208366227,"isBuyerMaker":false,"isBestMatch":true},{"id":196828912,"price":"0.03218000","qty":"0.00400000","quoteQty":"0.00012872","time":1602208366227,"isBuyerMaker":false,"isBestMatch":true},{"id":196828913,"price":"0.03218000","qty":"0.70000000","quoteQty":"0.02252600","time":1602208366227,"isBuyerMaker":false,"isBestMatch":true},{"id":196828914,"price":"0.03218000","qty":"6.79600000","quoteQty":"0.21869528","time":1602208366227,"isBuyerMaker":false,"isBestMatch":true},{"id":196828915,"price":"0.03218000","qty":"0.46400000","quoteQty":"0.01493152","time":1602208366326,"isBuyerMaker":false,"isBestMatch":true},{"id":196828916,"price":"0.03218000","qty":"15.37300000","quoteQty":"0.49470314","time":1602208366958,"isBuyerMaker":false,"isBestMatch":true},{"id":196828917,"price":"0.03218000","qty":"1.24300000","quoteQty":"0.03999974","time":1602208367068,"isBuyerMaker":false,"isBestMatch":true},{"id":196828918,"price":"0.03218000","qty":"14.23800000","quoteQty":"0.45817884","time":1602208367176,"isBuyerMaker":false,"isBestMatch":true},{"id":196828919,"price":"0.03218000","qty":"1.88600000","quoteQty":"0.06069148","time":1602208367283,"isBuyerMaker":false,"isBestMatch":true},{"id":196828920,"price":"0.03218000","qty":"14.01800000","quoteQty":"0.45109924","time":1602208367283,"isBuyerMaker":false,"isBestMatch":true},{"id":196828921,"price":"0.03218000","qty":"5.99700000","quoteQty":"0.19298346","time":1602208367382,"isBuyerMaker":false,"isBestMatch":true},{"id":196828922,"price":"0.03218000","qty":"3.98500000","quoteQty":"0.12823730","time":1602208367593,"isBuyerMaker":false,"isBestMatch":true},{"id":196828923,"price":"0.03218100","qty":"0.05000000","quoteQty":"0.00160905","time":1602208371687,"isBuyerMaker":false,"isBestMatch":true},{"id":196828924,"price":"0.03218100","qty":"0.73000000","quoteQty":"0.02349213","time":1602208371687,"isBuyerMaker":false,"isBestMatch":true},{"id":196828925,"price":"0.03218100","qty":"0.02300000","quoteQty":"0.00074016","time":1602208374047,"isBuyerMaker":false,"isBestMatch":true},{"id":196828926,"price":"0.03218400","qty":"0.00400000","quoteQty":"0.00012873","time":1602208374502,"isBuyerMaker":false,"isBestMatch":true},{"id":196828927,"price":"0.03218600","qty":"1.00000000","quoteQty":"0.03218600","time":1602208374502,"isBuyerMaker":false,"isBestMatch":true},{"id":196828928,"price":"0.03218600","qty":"0.23600000","quoteQty":"0.00759589","time":1602208374502,"isBuyerMaker":false,"isBestMatch":true},{"id":196828929,"price":"0.03218300","qty":"0.58000000","quoteQty":"0.01866614","time":1602208377043,"isBuyerMaker":true,"isBestMatch":true},{"id":196828930,"price":"0.03218600","qty":"0.15500000","quoteQty":"0.00498883","time":1602208378784,"isBuyerMaker":false,"isBestMatch":true},{"id":196828931,"price":"0.03218100","qty":"0.27800000","quoteQty":"0.00894631","time":1602208379568,"isBuyerMaker":true,"isBestMatch":true},{"id":196828932,"price":"0.03218000","qty":"0.34300000","quoteQty":"0.01103774","time":1602208379568,"isBuyerMaker":true,"isBestMatch":true},{"id":196828933,"price":"0.03218100","qty":"0.02000000","quoteQty":"0.00064362","time":1602208380627,"isBuyerMaker":true,"isBestMatch":true},{"id":196828934,"price":"0.03218100","qty":"3.08600000","quoteQty":"0.09931056","time":1602208382057,"isBuyerMaker":true,"isBestMatch":true},{"id":196828935,"price":"0.03218100","qty":"1.00000000","quoteQty":"0.03218100","time":1602208382057,"isBuyerMaker":true,"isBestMatch":true},{"id":196828936,"price":"0.03218000","qty":"0.45600000","quoteQty":"0.01467408","time":1602208382492,"isBuyerMaker":true,"isBestMatch":true},{"id":196828937,"price":"0.03218000","qty":"0.45600000","quoteQty":"0.01467408","time":1602208384182,"isBuyerMaker":true,"isBestMatch":true},{"id":196828938,"price":"0.03218000","qty":"0.14300000","quoteQty":"0.00460174","time":1602208384810,"isBuyerMaker":true,"isBestMatch":true},{"id":196828939,"price":"0.03218000","qty":"0.45600000","quoteQty":"0.01467408","time":1602208385338,"isBuyerMaker":true,"isBestMatch":true},{"id":196828940,"price":"0.03218100","qty":"0.06900000","quoteQty":"0.00222048","time":1602208386115,"isBuyerMaker":false,"isBestMatch":true},{"id":196828941,"price":"0.03218100","qty":"1.50700000","quoteQty":"0.04849676","time":1602208386274,"isBuyerMaker":false,"isBestMatch":true},{"id":196828942,"price":"0.03218100","qty":"0.33000000","quoteQty":"0.01061973","time":1602208386393,"isBuyerMaker":false,"isBestMatch":true},{"id":196828943,"price":"0.03218000","qty":"0.30000000","quoteQty":"0.00965400","time":1602208386547,"isBuyerMaker":true,"isBestMatch":true},{"id":196828944,"price":"0.03218100","qty":"3.61300000","quoteQty":"0.11626995","time":1602208387595,"isBuyerMaker":true,"isBestMatch":true},{"id":196828945,"price":"0.03218600","qty":"0.27700000","quoteQty":"0.00891552","time":1602208387839,"isBuyerMaker":false,"isBestMatch":true},{"id":196828946,"price":"0.03218600","qty":"1.33200000","quoteQty":"0.04287175","time":1602208396394,"isBuyerMaker":false,"isBestMatch":true},{"id":196828947,"price":"0.03218700","qty":"5.89100000","quoteQty":"0.18961361","time":1602208396394,"isBuyerMaker":false,"isBestMatch":true},{"id":196828948,"price":"0.03218700","qty":"0.02400000","quoteQty":"0.00077248","time":1602208396544,"isBuyerMaker":true,"isBestMatch":true},{"id":196828949,"price":"0.03218700","qty":"0.11800000","quoteQty":"0.00379806","time":1602208398346,"isBuyerMaker":true,"isBestMatch":true},{"id":196828950,"price":"0.03218700","qty":"2.10200000","quoteQty":"0.06765707","time":1602208398346,"isBuyerMaker":true,"isBestMatch":true},{"id":196828951,"price":"0.03218800","qty":"0.00600000","quoteQty":"0.00019312","time":1602208399990,"isBuyerMaker":false,"isBestMatch":true},{"id":196828952,"price":"0.03218800","qty":"2.14600000","quoteQty":"0.06907544","time":1602208399990,"isBuyerMaker":false,"isBestMatch":true},{"id":196828953,"price":"0.03218700","qty":"0.29300000","quoteQty":"0.00943079","time":1602208412316,"isBuyerMaker":true,"isBestMatch":true},{"id":196828954,"price":"0.03218700","qty":"0.15500000","quoteQty":"0.00498898","time":1602208412316,"isBuyerMaker":true,"isBestMatch":true},{"id":196828955,"price":"0.03218700","qty":"0.27500000","quoteQty":"0.00885142","time":1602208412318,"isBuyerMaker":true,"isBestMatch":true},{"id":196828956,"price":"0.03218700","qty":"1.58800000","quoteQty":"0.05111295","time":1602208412320,"isBuyerMaker":true,"isBestMatch":true},{"id":196828957,"price":"0.03218700","qty":"9.84300000","quoteQty":"0.31681664","time":1602208412355,"isBuyerMaker":true,"isBestMatch":true},{"id":196828958,"price":"0.03218700","qty":"0.16800000","quoteQty":"0.00540741","time":1602208412355,"isBuyerMaker":true,"isBestMatch":true},{"id":196828959,"price":"0.03218700","qty":"0.06400000","quoteQty":"0.00205996","time":1602208412355,"isBuyerMaker":true,"isBestMatch":true},{"id":196828960,"price":"0.03218400","qty":"0.27100000","quoteQty":"0.00872186","time":1602208412378,"isBuyerMaker":true,"isBestMatch":true},{"id":196828961,"price":"0.03218100","qty":"0.21400000","quoteQty":"0.00688673","time":1602208412502,"isBuyerMaker":true,"isBestMatch":true},{"id":196828962,"price":"0.03218100","qty":"5.88800000","quoteQty":"0.18948172","time":1602208412502,"isBuyerMaker":true,"isBestMatch":true},{"id":196828963,"price":"0.03218000","qty":"2.89800000","quoteQty":"0.09325764","time":1602208412502,"isBuyerMaker":true,"isBestMatch":true},{"id":196828964,"price":"0.03218000","qty":"2.38100000","quoteQty":"0.07662058","time":1602208413979,"isBuyerMaker":true,"isBestMatch":true},{"id":196828965,"price":"0.03218000","qty":"0.96400000","quoteQty":"0.03102152","time":1602208415788,"isBuyerMaker":true,"isBestMatch":true},{"id":196828966,"price":"0.03218400","qty":"0.10500000","quoteQty":"0.00337932","time":1602208421546,"isBuyerMaker":false,"isBestMatch":true},{"id":196828967,"price":"0.03218400","qty":"0.24300000","quoteQty":"0.00782071","time":1602208421747,"isBuyerMaker":false,"isBestMatch":true},{"id":196828968,"price":"0.03218700","qty":"6.42200000","quoteQty":"0.20670491","time":1602208421855,"isBuyerMaker":false,"isBestMatch":true},{"id":196828969,"price":"0.03218800","qty":"11.74600000","quoteQty":"0.37808024","time":1602208421964,"isBuyerMaker":false,"isBestMatch":true},{"id":196828970,"price":"0.03218700","qty":"0.31900000","quoteQty":"0.01026765","time":1602208422278,"isBuyerMaker":true,"isBestMatch":true},{"id":196828971,"price":"0.03219000","qty":"1.86300000","quoteQty":"0.05996997","time":1602208426297,"isBuyerMaker":false,"isBestMatch":true},{"id":196828972,"price":"0.03219000","qty":"1.52100000","quoteQty":"0.04896099","time":1602208426477,"isBuyerMaker":false,"isBestMatch":true},{"id":196828973,"price":"0.03219000","qty":"0.56800000","quoteQty":"0.01828392","time":1602208426527,"isBuyerMaker":false,"isBestMatch":true},{"id":196828974,"price":"0.03219000","qty":"0.57000000","quoteQty":"0.01834830","time":1602208427234,"isBuyerMaker":false,"isBestMatch":true},{"id":196828975,"price":"0.03219000","qty":"0.74000000","quoteQty":"0.02382060","time":1602208427240,"isBuyerMaker":false,"isBestMatch":true},{"id":196828976,"price":"0.03219000","qty":"0.42500000","quoteQty":"0.01368075","time":1602208427262,"isBuyerMaker":false,"isBestMatch":true},{"id":196828977,"price":"0.03219000","qty":"1.06500000","quoteQty":"0.03428235","time":1602208427275,"isBuyerMaker":false,"isBestMatch":true},{"id":196828978,"price":"0.03219000","qty":"0.56800000","quoteQty":"0.01828392","time":1602208427287,"isBuyerMaker":false,"isBestMatch":true},{"id":196828979,"price":"0.03219000","qty":"0.34400000","quoteQty":"0.01107336","time":1602208427299,"isBuyerMaker":false,"isBestMatch":true},{"id":196828980,"price":"0.03219000","qty":"0.50000000","quoteQty":"0.01609500","time":1602208427318,"isBuyerMaker":false,"isBestMatch":true},{"id":196828981,"price":"0.03218800","qty":"0.03600000","quoteQty":"0.00115876","time":1602208429527,"isBuyerMaker":true,"isBestMatch":true},{"id":196828982,"price":"0.03218700","qty":"10.13900000","quoteQty":"0.32634399","time":1602208429527,"isBuyerMaker":true,"isBestMatch":true},{"id":196828983,"price":"0.03219000","qty":"4.69400000","quoteQty":"0.15109986","time":1602208437645,"isBuyerMaker":false,"isBestMatch":true},{"id":196828984,"price":"0.03219000","qty":"0.83500000","quoteQty":"0.02687865","time":1602208437860,"isBuyerMaker":false,"isBestMatch":true},{"id":196828985,"price":"0.03219000","qty":"0.03600000","quoteQty":"0.00115884","time":1602208440123,"isBuyerMaker":false,"isBestMatch":true},{"id":196828986,"price":"0.03219000","qty":"1.53800000","quoteQty":"0.04950822","time":1602208449072,"isBuyerMaker":false,"isBestMatch":true},{"id":196828987,"price":"0.03219000","qty":"0.97100000","quoteQty":"0.03125649","time":1602208449095,"isBuyerMaker":false,"isBestMatch":true},{"id":196828988,"price":"0.03219000","qty":"0.39800000","quoteQty":"0.01281162","time":1602208454610,"isBuyerMaker":false,"isBestMatch":true},{"id":196828989,"price":"0.03219000","qty":"3.13000000","quoteQty":"0.10075470","time":1602208455468,"isBuyerMaker":false,"isBestMatch":true},{"id":196828990,"price":"0.03218900","qty":"11.38400000","quoteQty":"0.36643957","time":1602208462259,"isBuyerMaker":true,"isBestMatch":true},{"id":196828991,"price":"0.03218900","qty":"9.50700000","quoteQty":"0.30602082","time":1602208462378,"isBuyerMaker":true,"isBestMatch":true},{"id":196828992,"price":"0.03218900","qty":"5.19800000","quoteQty":"0.16731842","time":1602208470269,"isBuyerMaker":true,"isBestMatch":true},{"id":196828993,"price":"0.03218900","qty":"14.97800000","quoteQty":"0.48212684","time":1602208472935,"isBuyerMaker":true,"isBestMatch":true},{"id":196828994,"price":"0.03218900","qty":"2.60000000","quoteQty":"0.08369140","time":1602208473104,"isBuyerMaker":true,"isBestMatch":true},{"id":196828995,"price":"0.03218800","qty":"6.26100000","quoteQty":"0.20152906","time":1602208473104,"isBuyerMaker":true,"isBestMatch":true},{"id":196828996,"price":"0.03218800","qty":"0.20000000","quoteQty":"0.00643760","time":1602208476147,"isBuyerMaker":true,"isBestMatch":true},{"id":196828997,"price":"0.03218800","qty":"0.26000000","quoteQty":"0.00836888","time":1602208480140,"isBuyerMaker":true,"isBestMatch":true},{"id":196828998,"price":"0.03218800","qty":"2.07500000","quoteQty":"0.06679010","time":1602208480399,"isBuyerMaker":true,"isBestMatch":true},{"id":196828999,"price":"0.03218800","qty":"5.46000000","quoteQty":"0.17574648","time":1602208481242,"isBuyerMaker":true,"isBestMatch":true},{"id":196829000,"price":"0.03218800","qty":"10.53200000","quoteQty":"0.33900401","time":1602208481242,"isBuyerMaker":true,"isBestMatch":true},{"id":196829001,"price":"0.03218800","qty":"0.91100000","quoteQty":"0.02932326","time":1602208483655,"isBuyerMaker":false,"isBestMatch":true},{"id":196829002,"price":"0.03218800","qty":"4.10600000","quoteQty":"0.13216392","time":1602208483687,"isBuyerMaker":false,"isBestMatch":true},{"id":196829003,"price":"0.03218800","qty":"4.29400000","quoteQty":"0.13821527","time":1602208483687,"isBuyerMaker":false,"isBestMatch":true},{"id":196829004,"price":"0.03218800","qty":"0.20600000","quoteQty":"0.00663072","time":1602208486063,"isBuyerMaker":false,"isBestMatch":true},{"id":196829005,"price":"0.03218700","qty":"1.75200000","quoteQty":"0.05639162","time":1602208487329,"isBuyerMaker":true,"isBestMatch":true},{"id":196829006,"price":"0.03218700","qty":"0.03200000","quoteQty":"0.00102998","time":1602208488291,"isBuyerMaker":true,"isBestMatch":true},{"id":196829007,"price":"0.03218700","qty":"1.23500000","quoteQty":"0.03975094","time":1602208489028,"isBuyerMaker":true,"isBestMatch":true},{"id":196829008,"price":"0.03218700","qty":"0.40900000","quoteQty":"0.01316448","time":1602208491571,"isBuyerMaker":true,"isBestMatch":true},{"id":196829009,"price":"0.03219000","qty":"2.04200000","quoteQty":"0.06573198","time":1602208510176,"isBuyerMaker":false,"isBestMatch":true},{"id":196829010,"price":"0.03219000","qty":"0.22900000","quoteQty":"0.00737151","time":1602208520147,"isBuyerMaker":false,"isBestMatch":true},{"id":196829011,"price":"0.03219000","qty":"0.82900000","quoteQty":"0.02668551","time":1602208520310,"isBuyerMaker":false,"isBestMatch":true},{"id":196829012,"price":"0.03219000","qty":"1.14000000","quoteQty":"0.03669660","time":1602208520505,"isBuyerMaker":false,"isBestMatch":true},{"id":196829013,"price":"0.03219000","qty":"7.12100000","quoteQty":"0.22922499","time":1602208520638,"isBuyerMaker":false,"isBestMatch":true},{"id":196829014,"price":"0.03219000","qty":"5.68800000","quoteQty":"0.18309672","time":1602208521028,"isBuyerMaker":false,"isBestMatch":true},{"id":196829015,"price":"0.03219000","qty":"3.18500000","quoteQty":"0.10252515","time":1602208521475,"isBuyerMaker":false,"isBestMatch":true},{"id":196829016,"price":"0.03219000","qty":"0.02400000","quoteQty":"0.00077256","time":1602208521475,"isBuyerMaker":false,"isBestMatch":true},{"id":196829017,"price":"0.03219000","qty":"0.00400000","quoteQty":"0.00012876","time":1602208521475,"isBuyerMaker":false,"isBestMatch":true},{"id":196829018,"price":"0.03219000","qty":"5.00700000","quoteQty":"0.16117533","time":1602208521475,"isBuyerMaker":false,"isBestMatch":true},{"id":196829019,"price":"0.03219200","qty":"0.16000000","quoteQty":"0.00515072","time":1602208521578,"isBuyerMaker":false,"isBestMatch":true},{"id":196829020,"price":"0.03219400","qty":"3.84500000","quoteQty":"0.12378593","time":1602208521657,"isBuyerMaker":false,"isBestMatch":true},{"id":196829021,"price":"0.03219400","qty":"0.39100000","quoteQty":"0.01258785","time":1602208524020,"isBuyerMaker":false,"isBestMatch":true},{"id":196829022,"price":"0.03219400","qty":"0.44500000","quoteQty":"0.01432633","time":1602208525944,"isBuyerMaker":false,"isBestMatch":true},{"id":196829023,"price":"0.03219300","qty":"14.24500000","quoteQty":"0.45858928","time":1602208526341,"isBuyerMaker":true,"isBestMatch":true},{"id":196829024,"price":"0.03219100","qty":"0.19000000","quoteQty":"0.00611629","time":1602208528909,"isBuyerMaker":false,"isBestMatch":true},{"id":196829025,"price":"0.03219100","qty":"9.31900000","quoteQty":"0.29998792","time":1602208532191,"isBuyerMaker":false,"isBestMatch":true},{"id":196829026,"price":"0.03219400","qty":"0.85600000","quoteQty":"0.02755806","time":1602208533679,"isBuyerMaker":false,"isBestMatch":true},{"id":196829027,"price":"0.03219400","qty":"0.65100000","quoteQty":"0.02095829","time":1602208534073,"isBuyerMaker":false,"isBestMatch":true},{"id":196829028,"price":"0.03219400","qty":"1.21400000","quoteQty":"0.03908351","time":1602208538323,"isBuyerMaker":false,"isBestMatch":true},{"id":196829029,"price":"0.03219400","qty":"0.49900000","quoteQty":"0.01606480","time":1602208538324,"isBuyerMaker":false,"isBestMatch":true},{"id":196829030,"price":"0.03219400","qty":"0.40400000","quoteQty":"0.01300637","time":1602208538325,"isBuyerMaker":false,"isBestMatch":true},{"id":196829031,"price":"0.03219400","qty":"12.69500000","quoteQty":"0.40870283","time":1602208538387,"isBuyerMaker":false,"isBestMatch":true},{"id":196829032,"price":"0.03219500","qty":"0.38500000","quoteQty":"0.01239507","time":1602208538487,"isBuyerMaker":false,"isBestMatch":true},{"id":196829033,"price":"0.03219600","qty":"1.00000000","quoteQty":"0.03219600","time":1602208538604,"isBuyerMaker":false,"isBestMatch":true},{"id":196829034,"price":"0.03219700","qty":"0.00800000","quoteQty":"0.00025757","time":1602208538898,"isBuyerMaker":false,"isBestMatch":true},{"id":196829035,"price":"0.03219700","qty":"2.88000000","quoteQty":"0.09272736","time":1602208538898,"isBuyerMaker":false,"isBestMatch":true},{"id":196829036,"price":"0.03219800","qty":"1.00000000","quoteQty":"0.03219800","time":1602208539003,"isBuyerMaker":false,"isBestMatch":true},{"id":196829037,"price":"0.03219800","qty":"11.16900000","quoteQty":"0.35961946","time":1602208539183,"isBuyerMaker":false,"isBestMatch":true},{"id":196829038,"price":"0.03219800","qty":"0.17000000","quoteQty":"0.00547366","time":1602208546243,"isBuyerMaker":false,"isBestMatch":true},{"id":196829039,"price":"0.03219200","qty":"1.12500000","quoteQty":"0.03621600","time":1602208566596,"isBuyerMaker":true,"isBestMatch":true},{"id":196829040,"price":"0.03219200","qty":"0.02700000","quoteQty":"0.00086918","time":1602208571427,"isBuyerMaker":true,"isBestMatch":true},{"id":196829041,"price":"0.03219500","qty":"0.70600000","quoteQty":"0.02272967","time":1602208574440,"isBuyerMaker":false,"isBestMatch":true},{"id":196829042,"price":"0.03219800","qty":"0.02800000","quoteQty":"0.00090154","time":1602208575759,"isBuyerMaker":false,"isBestMatch":true},{"id":196829043,"price":"0.03219900","qty":"0.02800000","quoteQty":"0.00090157","time":1602208575759,"isBuyerMaker":false,"isBestMatch":true},{"id":196829044,"price":"0.03219900","qty":"0.01200000","quoteQty":"0.00038638","time":1602208575871,"isBuyerMaker":false,"isBestMatch":true},{"id":196829045,"price":"0.03219900","qty":"0.01600000","quoteQty":"0.00051518","time":1602208575871,"isBuyerMaker":false,"isBestMatch":true},{"id":196829046,"price":"0.03220000","qty":"1.00000000","quoteQty":"0.03220000","time":1602208575871,"isBuyerMaker":false,"isBestMatch":true},{"id":196829047,"price":"0.03220000","qty":"0.00500000","quoteQty":"0.00016100","time":1602208575871,"isBuyerMaker":false,"isBestMatch":true},{"id":196829048,"price":"0.03220000","qty":"23.96700000","quoteQty":"0.77173740","time":1602208575871,"isBuyerMaker":false,"isBestMatch":true},{"id":196829049,"price":"0.03220000","qty":"14.35400000","quoteQty":"0.46219880","time":1602208575921,"isBuyerMaker":false,"isBestMatch":true},{"id":196829050,"price":"0.03220000","qty":"0.44400000","quoteQty":"0.01429680","time":1602208576349,"isBuyerMaker":false,"isBestMatch":true},{"id":196829051,"price":"0.03220000","qty":"0.73300000","quoteQty":"0.02360260","time":1602208577471,"isBuyerMaker":false,"isBestMatch":true},{"id":196829052,"price":"0.03220000","qty":"0.28300000","quoteQty":"0.00911260","time":1602208577479,"isBuyerMaker":false,"isBestMatch":true},{"id":196829053,"price":"0.03220000","qty":"0.21900000","quoteQty":"0.00705180","time":1602208577950,"isBuyerMaker":false,"isBestMatch":true},{"id":196829054,"price":"0.03220000","qty":"0.70000000","quoteQty":"0.02254000","time":1602208577950,"isBuyerMaker":false,"isBestMatch":true},{"id":196829055,"price":"0.03220100","qty":"0.01600000","quoteQty":"0.00051521","time":1602208577953,"isBuyerMaker":false,"isBestMatch":true},{"id":196829056,"price":"0.03220200","qty":"0.03600000","quoteQty":"0.00115927","time":1602208577980,"isBuyerMaker":false,"isBestMatch":true},{"id":196829057,"price":"0.03220300","qty":"0.01600000","quoteQty":"0.00051524","time":1602208585739,"isBuyerMaker":false,"isBestMatch":true},{"id":196829058,"price":"0.03220300","qty":"14.98400000","quoteQty":"0.48252975","time":1602208585739,"isBuyerMaker":false,"isBestMatch":true},{"id":196829059,"price":"0.03220200","qty":"0.10000000","quoteQty":"0.00322020","time":1602208586073,"isBuyerMaker":true,"isBestMatch":true},{"id":196829060,"price":"0.03220400","qty":"0.00400000","quoteQty":"0.00012881","time":1602208599887,"isBuyerMaker":false,"isBestMatch":true},{"id":196829061,"price":"0.03220500","qty":"0.50900000","quoteQty":"0.01639234","time":1602208599887,"isBuyerMaker":false,"isBestMatch":true},{"id":196829062,"price":"0.03220500","qty":"0.19200000","quoteQty":"0.00618336","time":1602208599887,"isBuyerMaker":false,"isBestMatch":true},{"id":196829063,"price":"0.03220500","qty":"0.08900000","quoteQty":"0.00286624","time":1602208600264,"isBuyerMaker":false,"isBestMatch":true},{"id":196829064,"price":"0.03220400","qty":"0.04200000","quoteQty":"0.00135256","time":1602208602682,"isBuyerMaker":true,"isBestMatch":true},{"id":196829065,"price":"0.03220300","qty":"0.01100000","quoteQty":"0.00035423","time":1602208605335,"isBuyerMaker":true,"isBestMatch":true},{"id":196829066,"price":"0.03220300","qty":"0.11200000","quoteQty":"0.00360673","time":1602208605335,"isBuyerMaker":true,"isBestMatch":true},{"id":196829067,"price":"0.03220400","qty":"0.03500000","quoteQty":"0.00112714","time":1602208607996,"isBuyerMaker":false,"isBestMatch":true},{"id":196829068,"price":"0.03220500","qty":"2.09000000","quoteQty":"0.06730845","time":1602208607996,"isBuyerMaker":false,"isBestMatch":true},{"id":196829069,"price":"0.03220500","qty":"24.00000000","quoteQty":"0.77292000","time":1602208607996,"isBuyerMaker":false,"isBestMatch":true},{"id":196829070,"price":"0.03220600","qty":"0.00900000","quoteQty":"0.00028985","time":1602208607996,"isBuyerMaker":false,"isBestMatch":true},{"id":196829071,"price":"0.03220600","qty":"0.14500000","quoteQty":"0.00466987","time":1602208607996,"isBuyerMaker":false,"isBestMatch":true},{"id":196829072,"price":"0.03220700","qty":"0.03400000","quoteQty":"0.00109503","time":1602208607996,"isBuyerMaker":false,"isBestMatch":true},{"id":196829073,"price":"0.03220800","qty":"4.00000000","quoteQty":"0.12883200","time":1602208607996,"isBuyerMaker":false,"isBestMatch":true},{"id":196829074,"price":"0.03220900","qty":"0.70300000","quoteQty":"0.02264292","time":1602208607996,"isBuyerMaker":false,"isBestMatch":true},{"id":196829075,"price":"0.03220900","qty":"1.15600000","quoteQty":"0.03723360","time":1602208607996,"isBuyerMaker":false,"isBestMatch":true},{"id":196829076,"price":"0.03220900","qty":"1.10000000","quoteQty":"0.03542990","time":1602208607996,"isBuyerMaker":false,"isBestMatch":true},{"id":196829077,"price":"0.03220900","qty":"6.00000000","quoteQty":"0.19325400","time":1602208607996,"isBuyerMaker":false,"isBestMatch":true},{"id":196829078,"price":"0.03221000","qty":"0.06100000","quoteQty":"0.00196481","time":1602208607996,"isBuyerMaker":false,"isBestMatch":true},{"id":196829079,"price":"0.03221000","qty":"0.00600000","quoteQty":"0.00019326","time":1602208607996,"isBuyerMaker":false,"isBestMatch":true},{"id":196829080,"price":"0.03221000","qty":"0.01300000","quoteQty":"0.00041873","time":1602208607996,"isBuyerMaker":false,"isBestMatch":true},{"id":196829081,"price":"0.03221000","qty":"40.00000000","quoteQty":"1.28840000","time":1602208607996,"isBuyerMaker":false,"isBestMatch":true},{"id":196829082,"price":"0.03221000","qty":"0.02000000","quoteQty":"0.00064420","time":1602208607996,"isBuyerMaker":false,"isBestMatch":true},{"id":196829083,"price":"0.03221000","qty":"6.00000000","quoteQty":"0.19326000","time":1602208607996,"isBuyerMaker":false,"isBestMatch":true},{"id":196829084,"price":"0.03221000","qty":"14.70900000","quoteQty":"0.47377689","time":1602208612251,"isBuyerMaker":true,"isBestMatch":true},{"id":196829085,"price":"0.03221000","qty":"14.63900000","quoteQty":"0.47152219","time":1602208612342,"isBuyerMaker":true,"isBestMatch":true},{"id":196829086,"price":"0.03221000","qty":"16.58400000","quoteQty":"0.53417064","time":1602208612430,"isBuyerMaker":true,"isBestMatch":true},{"id":196829087,"price":"0.03221000","qty":"2.52300000","quoteQty":"0.08126583","time":1602208612544,"isBuyerMaker":true,"isBestMatch":true},{"id":196829088,"price":"0.03221000","qty":"15.99900000","quoteQty":"0.51532779","time":1602208612898,"isBuyerMaker":true,"isBestMatch":true},{"id":196829089,"price":"0.03221000","qty":"145.82800000","quoteQty":"4.69711988","time":1602208613037,"isBuyerMaker":true,"isBestMatch":true},{"id":196829090,"price":"0.03220100","qty":"5.90400000","quoteQty":"0.19011470","time":1602208630315,"isBuyerMaker":false,"isBestMatch":true},{"id":196829091,"price":"0.03219900","qty":"5.21400000","quoteQty":"0.16788558","time":1602208630467,"isBuyerMaker":true,"isBestMatch":true},{"id":196829092,"price":"0.03219500","qty":"0.11700000","quoteQty":"0.00376681","time":1602208632119,"isBuyerMaker":true,"isBestMatch":true},{"id":196829093,"price":"0.03219200","qty":"4.00000000","quoteQty":"0.12876800","time":1602208632119,"isBuyerMaker":true,"isBestMatch":true},{"id":196829094,"price":"0.03219100","qty":"3.88300000","quoteQty":"0.12499765","time":1602208632119,"isBuyerMaker":true,"isBestMatch":true},{"id":196829095,"price":"0.03219900","qty":"0.01200000","quoteQty":"0.00038638","time":1602208632134,"isBuyerMaker":false,"isBestMatch":true},{"id":196829096,"price":"0.03219200","qty":"0.10700000","quoteQty":"0.00344454","time":1602208632309,"isBuyerMaker":true,"isBestMatch":true},{"id":196829097,"price":"0.03219500","qty":"2.73000000","quoteQty":"0.08789235","time":1602208633357,"isBuyerMaker":false,"isBestMatch":true},{"id":196829098,"price":"0.03219400","qty":"1.24200000","quoteQty":"0.03998494","time":1602208633373,"isBuyerMaker":true,"isBestMatch":true},{"id":196829099,"price":"0.03219500","qty":"1.04600000","quoteQty":"0.03367597","time":1602208633612,"isBuyerMaker":false,"isBestMatch":true},{"id":196829100,"price":"0.03219400","qty":"0.58000000","quoteQty":"0.01867252","time":1602208635168,"isBuyerMaker":true,"isBestMatch":true},{"id":196829101,"price":"0.03219500","qty":"0.04300000","quoteQty":"0.00138438","time":1602208636806,"isBuyerMaker":true,"isBestMatch":true},{"id":196829102,"price":"0.03219600","qty":"0.29900000","quoteQty":"0.00962660","time":1602208637446,"isBuyerMaker":false,"isBestMatch":true},{"id":196829103,"price":"0.03219600","qty":"0.32400000","quoteQty":"0.01043150","time":1602208637553,"isBuyerMaker":false,"isBestMatch":true},{"id":196829104,"price":"0.03219600","qty":"0.29000000","quoteQty":"0.00933684","time":1602208637669,"isBuyerMaker":false,"isBestMatch":true},{"id":196829105,"price":"0.03219600","qty":"0.02000000","quoteQty":"0.00064392","time":1602208637792,"isBuyerMaker":false,"isBestMatch":true},{"id":196829106,"price":"0.03219600","qty":"0.31100000","quoteQty":"0.01001295","time":1602208638079,"isBuyerMaker":false,"isBestMatch":true},{"id":196829107,"price":"0.03219600","qty":"0.45000000","quoteQty":"0.01448820","time":1602208638182,"isBuyerMaker":false,"isBestMatch":true},{"id":196829108,"price":"0.03219600","qty":"0.45000000","quoteQty":"0.01448820","time":1602208638732,"isBuyerMaker":false,"isBestMatch":true},{"id":196829109,"price":"0.03219600","qty":"14.96000000","quoteQty":"0.48165216","time":1602208638838,"isBuyerMaker":false,"isBestMatch":true},{"id":196829110,"price":"0.03219600","qty":"1.00000000","quoteQty":"0.03219600","time":1602208653263,"isBuyerMaker":true,"isBestMatch":true},{"id":196829111,"price":"0.03219400","qty":"4.55300000","quoteQty":"0.14657928","time":1602208654660,"isBuyerMaker":true,"isBestMatch":true},{"id":196829112,"price":"0.03219300","qty":"2.94000000","quoteQty":"0.09464742","time":1602208654764,"isBuyerMaker":true,"isBestMatch":true},{"id":196829113,"price":"0.03219700","qty":"0.27600000","quoteQty":"0.00888637","time":1602208660323,"isBuyerMaker":false,"isBestMatch":true},{"id":196829114,"price":"0.03219400","qty":"0.04400000","quoteQty":"0.00141653","time":1602208662612,"isBuyerMaker":true,"isBestMatch":true},{"id":196829115,"price":"0.03219400","qty":"1.00100000","quoteQty":"0.03222619","time":1602208672645,"isBuyerMaker":true,"isBestMatch":true},{"id":196829116,"price":"0.03219200","qty":"8.94800000","quoteQty":"0.28805401","time":1602208682075,"isBuyerMaker":false,"isBestMatch":true},{"id":196829117,"price":"0.03219100","qty":"2.09900000","quoteQty":"0.06756890","time":1602208682572,"isBuyerMaker":true,"isBestMatch":true},{"id":196829118,"price":"0.03219200","qty":"0.00400000","quoteQty":"0.00012876","time":1602208682580,"isBuyerMaker":false,"isBestMatch":true},{"id":196829119,"price":"0.03219100","qty":"0.89700000","quoteQty":"0.02887532","time":1602208682668,"isBuyerMaker":true,"isBestMatch":true},{"id":196829120,"price":"0.03219100","qty":"0.86300000","quoteQty":"0.02778083","time":1602208682762,"isBuyerMaker":true,"isBestMatch":true},{"id":196829121,"price":"0.03219100","qty":"6.50200000","quoteQty":"0.20930588","time":1602208683278,"isBuyerMaker":true,"isBestMatch":true},{"id":196829122,"price":"0.03219100","qty":"2.88000000","quoteQty":"0.09271008","time":1602208683278,"isBuyerMaker":true,"isBestMatch":true},{"id":196829123,"price":"0.03219000","qty":"5.06800000","quoteQty":"0.16313892","time":1602208683407,"isBuyerMaker":true,"isBestMatch":true},{"id":196829124,"price":"0.03219000","qty":"14.50200000","quoteQty":"0.46681938","time":1602208683504,"isBuyerMaker":true,"isBestMatch":true},{"id":196829125,"price":"0.03219000","qty":"0.74100000","quoteQty":"0.02385279","time":1602208683588,"isBuyerMaker":true,"isBestMatch":true},{"id":196829126,"price":"0.03219000","qty":"1.30900000","quoteQty":"0.04213671","time":1602208686053,"isBuyerMaker":true,"isBestMatch":true},{"id":196829127,"price":"0.03219000","qty":"11.38100000","quoteQty":"0.36635439","time":1602208687370,"isBuyerMaker":true,"isBestMatch":true},{"id":196829128,"price":"0.03219000","qty":"6.99900000","quoteQty":"0.22529781","time":1602208687460,"isBuyerMaker":true,"isBestMatch":true},{"id":196829129,"price":"0.03218800","qty":"1.00000000","quoteQty":"0.03218800","time":1602208687582,"isBuyerMaker":true,"isBestMatch":true},{"id":196829130,"price":"0.03218600","qty":"1.00000000","quoteQty":"0.03218600","time":1602208687582,"isBuyerMaker":true,"isBestMatch":true},{"id":196829131,"price":"0.03218400","qty":"0.47100000","quoteQty":"0.01515866","time":1602208687582,"isBuyerMaker":true,"isBestMatch":true},{"id":196829132,"price":"0.03219000","qty":"0.14300000","quoteQty":"0.00460317","time":1602208688104,"isBuyerMaker":true,"isBestMatch":true},{"id":196829133,"price":"0.03219100","qty":"0.00400000","quoteQty":"0.00012876","time":1602208688631,"isBuyerMaker":false,"isBestMatch":true},{"id":196829134,"price":"0.03219000","qty":"0.38700000","quoteQty":"0.01245753","time":1602208688637,"isBuyerMaker":true,"isBestMatch":true},{"id":196829135,"price":"0.03219100","qty":"1.17900000","quoteQty":"0.03795318","time":1602208690389,"isBuyerMaker":false,"isBestMatch":true},{"id":196829136,"price":"0.03219100","qty":"6.51200000","quoteQty":"0.20962779","time":1602208691463,"isBuyerMaker":true,"isBestMatch":true},{"id":196829137,"price":"0.03219100","qty":"7.73200000","quoteQty":"0.24890081","time":1602208691682,"isBuyerMaker":true,"isBestMatch":true},{"id":196829138,"price":"0.03219100","qty":"1.18200000","quoteQty":"0.03804976","time":1602208691682,"isBuyerMaker":true,"isBestMatch":true},{"id":196829139,"price":"0.03219100","qty":"14.24400000","quoteQty":"0.45852860","time":1602208692302,"isBuyerMaker":true,"isBestMatch":true},{"id":196829140,"price":"0.03219100","qty":"14.24400000","quoteQty":"0.45852860","time":1602208693344,"isBuyerMaker":true,"isBestMatch":true},{"id":196829141,"price":"0.03219000","qty":"6.23500000","quoteQty":"0.20070465","time":1602208694721,"isBuyerMaker":true,"isBestMatch":true},{"id":196829142,"price":"0.03219100","qty":"14.24400000","quoteQty":"0.45852860","time":1602208695254,"isBuyerMaker":true,"isBestMatch":true},{"id":196829143,"price":"0.03219100","qty":"5.10700000","quoteQty":"0.16439943","time":1602208696302,"isBuyerMaker":true,"isBestMatch":true},{"id":196829144,"price":"0.03219100","qty":"3.66000000","quoteQty":"0.11781906","time":1602208697283,"isBuyerMaker":true,"isBestMatch":true},{"id":196829145,"price":"0.03219100","qty":"5.47700000","quoteQty":"0.17631010","time":1602208697473,"isBuyerMaker":true,"isBestMatch":true},{"id":196829146,"price":"0.03219100","qty":"14.24400000","quoteQty":"0.45852860","time":1602208698314,"isBuyerMaker":true,"isBestMatch":true},{"id":196829147,"price":"0.03219000","qty":"0.01300000","quoteQty":"0.00041847","time":1602208711401,"isBuyerMaker":true,"isBestMatch":true},{"id":196829148,"price":"0.03219100","qty":"0.74800000","quoteQty":"0.02407886","time":1602208714359,"isBuyerMaker":false,"isBestMatch":true},{"id":196829149,"price":"0.03219100","qty":"1.83400000","quoteQty":"0.05903829","time":1602208716419,"isBuyerMaker":false,"isBestMatch":true},{"id":196829150,"price":"0.03219100","qty":"1.62100000","quoteQty":"0.05218161","time":1602208717772,"isBuyerMaker":false,"isBestMatch":true},{"id":196829151,"price":"0.03219100","qty":"0.61800000","quoteQty":"0.01989403","time":1602208720779,"isBuyerMaker":false,"isBestMatch":true},{"id":196829152,"price":"0.03219100","qty":"0.47200000","quoteQty":"0.01519415","time":1602208723419,"isBuyerMaker":false,"isBestMatch":true},{"id":196829153,"price":"0.03219100","qty":"1.44500000","quoteQty":"0.04651599","time":1602208728997,"isBuyerMaker":false,"isBestMatch":true},{"id":196829154,"price":"0.03219100","qty":"0.71100000","quoteQty":"0.02288780","time":1602208729427,"isBuyerMaker":false,"isBestMatch":true},{"id":196829155,"price":"0.03219100","qty":"15.79600000","quoteQty":"0.50848903","time":1602208738610,"isBuyerMaker":false,"isBestMatch":true},{"id":196829156,"price":"0.03219000","qty":"0.03900000","quoteQty":"0.00125541","time":1602208742894,"isBuyerMaker":true,"isBestMatch":true},{"id":196829157,"price":"0.03219100","qty":"0.75500000","quoteQty":"0.02430420","time":1602208743726,"isBuyerMaker":false,"isBestMatch":true},{"id":196829158,"price":"0.03219100","qty":"0.00400000","quoteQty":"0.00012876","time":1602208743726,"isBuyerMaker":false,"isBestMatch":true},{"id":196829159,"price":"0.03219500","qty":"0.16000000","quoteQty":"0.00515120","time":1602208743726,"isBuyerMaker":false,"isBestMatch":true},{"id":196829160,"price":"0.03219600","qty":"1.00000000","quoteQty":"0.03219600","time":1602208743726,"isBuyerMaker":false,"isBestMatch":true},{"id":196829161,"price":"0.03219600","qty":"0.00400000","quoteQty":"0.00012878","time":1602208743726,"isBuyerMaker":false,"isBestMatch":true},{"id":196829162,"price":"0.03219100","qty":"6.44700000","quoteQty":"0.20753537","time":1602208745100,"isBuyerMaker":false,"isBestMatch":true},{"id":196829163,"price":"0.03219000","qty":"0.00800000","quoteQty":"0.00025752","time":1602208750425,"isBuyerMaker":true,"isBestMatch":true},{"id":196829164,"price":"0.03219100","qty":"2.97500000","quoteQty":"0.09576822","time":1602208763094,"isBuyerMaker":false,"isBestMatch":true},{"id":196829165,"price":"0.03219100","qty":"4.99000000","quoteQty":"0.16063309","time":1602208763104,"isBuyerMaker":false,"isBestMatch":true},{"id":196829166,"price":"0.03219100","qty":"4.99000000","quoteQty":"0.16063309","time":1602208763104,"isBuyerMaker":false,"isBestMatch":true},{"id":196829167,"price":"0.03219100","qty":"1.04300000","quoteQty":"0.03357521","time":1602208763110,"isBuyerMaker":false,"isBestMatch":true},{"id":196829168,"price":"0.03219000","qty":"0.03000000","quoteQty":"0.00096570","time":1602208771323,"isBuyerMaker":true,"isBestMatch":true},{"id":196829169,"price":"0.03219500","qty":"0.13600000","quoteQty":"0.00437852","time":1602208771902,"isBuyerMaker":false,"isBestMatch":true},{"id":196829170,"price":"0.03219500","qty":"0.03600000","quoteQty":"0.00115902","time":1602208771902,"isBuyerMaker":false,"isBestMatch":true},{"id":196829171,"price":"0.03219500","qty":"5.08800000","quoteQty":"0.16380816","time":1602208771970,"isBuyerMaker":false,"isBestMatch":true},{"id":196829172,"price":"0.03219700","qty":"0.14700000","quoteQty":"0.00473295","time":1602208772157,"isBuyerMaker":false,"isBestMatch":true},{"id":196829173,"price":"0.03219800","qty":"16.15500000","quoteQty":"0.52015869","time":1602208772191,"isBuyerMaker":false,"isBestMatch":true},{"id":196829174,"price":"0.03219300","qty":"0.15700000","quoteQty":"0.00505430","time":1602208774701,"isBuyerMaker":true,"isBestMatch":true},{"id":196829175,"price":"0.03219300","qty":"1.93200000","quoteQty":"0.06219687","time":1602208774701,"isBuyerMaker":true,"isBestMatch":true},{"id":196829176,"price":"0.03219300","qty":"0.13000000","quoteQty":"0.00418509","time":1602208790334,"isBuyerMaker":true,"isBestMatch":true},{"id":196829177,"price":"0.03219300","qty":"2.91700000","quoteQty":"0.09390698","time":1602208800458,"isBuyerMaker":true,"isBestMatch":true},{"id":196829178,"price":"0.03219200","qty":"1.00500000","quoteQty":"0.03235296","time":1602208800515,"isBuyerMaker":true,"isBestMatch":true},{"id":196829179,"price":"0.03219200","qty":"1.50000000","quoteQty":"0.04828800","time":1602208800515,"isBuyerMaker":true,"isBestMatch":true},{"id":196829180,"price":"0.03219100","qty":"7.12900000","quoteQty":"0.22948963","time":1602208800515,"isBuyerMaker":true,"isBestMatch":true},{"id":196829181,"price":"0.03219000","qty":"0.89400000","quoteQty":"0.02877786","time":1602208800551,"isBuyerMaker":true,"isBestMatch":true},{"id":196829182,"price":"0.03219000","qty":"1.03900000","quoteQty":"0.03344541","time":1602208800565,"isBuyerMaker":true,"isBestMatch":true},{"id":196829183,"price":"0.03219000","qty":"0.58000000","quoteQty":"0.01867020","time":1602208800566,"isBuyerMaker":true,"isBestMatch":true},{"id":196829184,"price":"0.03219000","qty":"30.63200000","quoteQty":"0.98604408","time":1602208800598,"isBuyerMaker":true,"isBestMatch":true},{"id":196829185,"price":"0.03218600","qty":"1.00000000","quoteQty":"0.03218600","time":1602208800620,"isBuyerMaker":true,"isBestMatch":true},{"id":196829186,"price":"0.03218400","qty":"3.45100000","quoteQty":"0.11106698","time":1602208800620,"isBuyerMaker":true,"isBestMatch":true},{"id":196829187,"price":"0.03218300","qty":"4.00000000","quoteQty":"0.12873200","time":1602208800772,"isBuyerMaker":true,"isBestMatch":true},{"id":196829188,"price":"0.03218300","qty":"0.78200000","quoteQty":"0.02516710","time":1602208801400,"isBuyerMaker":true,"isBestMatch":true},{"id":196829189,"price":"0.03218400","qty":"3.13800000","quoteQty":"0.10099339","time":1602208802321,"isBuyerMaker":true,"isBestMatch":true},{"id":196829190,"price":"0.03218400","qty":"0.14500000","quoteQty":"0.00466668","time":1602208802620,"isBuyerMaker":true,"isBestMatch":true},{"id":196829191,"price":"0.03218400","qty":"0.14000000","quoteQty":"0.00450576","time":1602208804293,"isBuyerMaker":true,"isBestMatch":true},{"id":196829192,"price":"0.03218800","qty":"1.87000000","quoteQty":"0.06019156","time":1602208808410,"isBuyerMaker":false,"isBestMatch":true},{"id":196829193,"price":"0.03219300","qty":"0.09900000","quoteQty":"0.00318710","time":1602208810488,"isBuyerMaker":false,"isBestMatch":true},{"id":196829194,"price":"0.03218700","qty":"1.41100000","quoteQty":"0.04541585","time":1602208817300,"isBuyerMaker":true,"isBestMatch":true},{"id":196829195,"price":"0.03218700","qty":"0.33600000","quoteQty":"0.01081483","time":1602208817405,"isBuyerMaker":true,"isBestMatch":true},{"id":196829196,"price":"0.03218800","qty":"0.07100000","quoteQty":"0.00228534","time":1602208827075,"isBuyerMaker":false,"isBestMatch":true},{"id":196829197,"price":"0.03218500","qty":"0.00400000","quoteQty":"0.00012874","time":1602208853867,"isBuyerMaker":true,"isBestMatch":true},{"id":196829198,"price":"0.03218500","qty":"1.29400000","quoteQty":"0.04164739","time":1602208853867,"isBuyerMaker":true,"isBestMatch":true},{"id":196829199,"price":"0.03218600","qty":"2.12100000","quoteQty":"0.06826650","time":1602208858759,"isBuyerMaker":false,"isBestMatch":true},{"id":196829200,"price":"0.03218600","qty":"1.07700000","quoteQty":"0.03466432","time":1602208859878,"isBuyerMaker":false,"isBestMatch":true},{"id":196829201,"price":"0.03218600","qty":"0.31700000","quoteQty":"0.01020296","time":1602208870575,"isBuyerMaker":false,"isBestMatch":true},{"id":196829202,"price":"0.03218600","qty":"0.62400000","quoteQty":"0.02008406","time":1602208872179,"isBuyerMaker":false,"isBestMatch":true},{"id":196829203,"price":"0.03218900","qty":"0.47300000","quoteQty":"0.01522539","time":1602208872277,"isBuyerMaker":false,"isBestMatch":true},{"id":196829204,"price":"0.03219200","qty":"0.88900000","quoteQty":"0.02861868","time":1602208878773,"isBuyerMaker":false,"isBestMatch":true},{"id":196829205,"price":"0.03219200","qty":"3.90000000","quoteQty":"0.12554880","time":1602208879285,"isBuyerMaker":false,"isBestMatch":true},{"id":196829206,"price":"0.03219200","qty":"0.11200000","quoteQty":"0.00360550","time":1602208888556,"isBuyerMaker":false,"isBestMatch":true},{"id":196829207,"price":"0.03219400","qty":"1.46400000","quoteQty":"0.04713201","time":1602208893289,"isBuyerMaker":false,"isBestMatch":true},{"id":196829208,"price":"0.03219400","qty":"0.10400000","quoteQty":"0.00334817","time":1602208893549,"isBuyerMaker":false,"isBestMatch":true},{"id":196829209,"price":"0.03219400","qty":"0.30100000","quoteQty":"0.00969039","time":1602208893968,"isBuyerMaker":false,"isBestMatch":true},{"id":196829210,"price":"0.03219500","qty":"2.08700000","quoteQty":"0.06719096","time":1602208894519,"isBuyerMaker":false,"isBestMatch":true},{"id":196829211,"price":"0.03219400","qty":"0.05800000","quoteQty":"0.00186725","time":1602208895648,"isBuyerMaker":true,"isBestMatch":true},{"id":196829212,"price":"0.03219500","qty":"2.13300000","quoteQty":"0.06867193","time":1602208896518,"isBuyerMaker":false,"isBestMatch":true},{"id":196829213,"price":"0.03219600","qty":"0.43400000","quoteQty":"0.01397306","time":1602208896956,"isBuyerMaker":false,"isBestMatch":true},{"id":196829214,"price":"0.03219600","qty":"0.56600000","quoteQty":"0.01822293","time":1602208897205,"isBuyerMaker":false,"isBestMatch":true},{"id":196829215,"price":"0.03219600","qty":"0.90900000","quoteQty":"0.02926616","time":1602208899807,"isBuyerMaker":true,"isBestMatch":true},{"id":196829216,"price":"0.03219500","qty":"0.39200000","quoteQty":"0.01262044","time":1602208900611,"isBuyerMaker":true,"isBestMatch":true},{"id":196829217,"price":"0.03219500","qty":"0.06100000","quoteQty":"0.00196389","time":1602208902334,"isBuyerMaker":true,"isBestMatch":true},{"id":196829218,"price":"0.03219500","qty":"0.16600000","quoteQty":"0.00534437","time":1602208902444,"isBuyerMaker":true,"isBestMatch":true},{"id":196829219,"price":"0.03219500","qty":"0.03300000","quoteQty":"0.00106243","time":1602208902737,"isBuyerMaker":true,"isBestMatch":true},{"id":196829220,"price":"0.03219600","qty":"0.00700000","quoteQty":"0.00022537","time":1602208905349,"isBuyerMaker":true,"isBestMatch":true},{"id":196829221,"price":"0.03219400","qty":"9.00000000","quoteQty":"0.28974600","time":1602208913078,"isBuyerMaker":true,"isBestMatch":true},{"id":196829222,"price":"0.03219400","qty":"15.00000000","quoteQty":"0.48291000","time":1602208913304,"isBuyerMaker":true,"isBestMatch":true},{"id":196829223,"price":"0.03219400","qty":"0.52300000","quoteQty":"0.01683746","time":1602208913304,"isBuyerMaker":true,"isBestMatch":true},{"id":196829224,"price":"0.03219300","qty":"0.81500000","quoteQty":"0.02623729","time":1602208914129,"isBuyerMaker":true,"isBestMatch":true},{"id":196829225,"price":"0.03219300","qty":"4.68700000","quoteQty":"0.15088859","time":1602208914265,"isBuyerMaker":true,"isBestMatch":true},{"id":196829226,"price":"0.03219300","qty":"8.73900000","quoteQty":"0.28133462","time":1602208916242,"isBuyerMaker":true,"isBestMatch":true},{"id":196829227,"price":"0.03219300","qty":"5.27800000","quoteQty":"0.16991465","time":1602208916242,"isBuyerMaker":true,"isBestMatch":true},{"id":196829228,"price":"0.03219300","qty":"16.77800000","quoteQty":"0.54013415","time":1602208916356,"isBuyerMaker":true,"isBestMatch":true},{"id":196829229,"price":"0.03219300","qty":"1.94400000","quoteQty":"0.06258319","time":1602208916463,"isBuyerMaker":true,"isBestMatch":true},{"id":196829230,"price":"0.03218800","qty":"0.05300000","quoteQty":"0.00170596","time":1602208919368,"isBuyerMaker":true,"isBestMatch":true},{"id":196829231,"price":"0.03218800","qty":"2.36900000","quoteQty":"0.07625337","time":1602208919376,"isBuyerMaker":true,"isBestMatch":true},{"id":196829232,"price":"0.03218900","qty":"0.39900000","quoteQty":"0.01284341","time":1602208923977,"isBuyerMaker":false,"isBestMatch":true},{"id":196829233,"price":"0.03218800","qty":"0.00500000","quoteQty":"0.00016094","time":1602208924124,"isBuyerMaker":true,"isBestMatch":true},{"id":196829234,"price":"0.03218800","qty":"1.00000000","quoteQty":"0.03218800","time":1602208924124,"isBuyerMaker":true,"isBestMatch":true},{"id":196829235,"price":"0.03218800","qty":"4.49600000","quoteQty":"0.14471724","time":1602208926350,"isBuyerMaker":false,"isBestMatch":true},{"id":196829236,"price":"0.03218900","qty":"1.38400000","quoteQty":"0.04454957","time":1602208943703,"isBuyerMaker":false,"isBestMatch":true},{"id":196829237,"price":"0.03218800","qty":"0.49600000","quoteQty":"0.01596524","time":1602208945470,"isBuyerMaker":true,"isBestMatch":true},{"id":196829238,"price":"0.03218800","qty":"0.17000000","quoteQty":"0.00547196","time":1602208955126,"isBuyerMaker":true,"isBestMatch":true},{"id":196829239,"price":"0.03218900","qty":"0.00700000","quoteQty":"0.00022532","time":1602208960664,"isBuyerMaker":false,"isBestMatch":true},{"id":196829240,"price":"0.03218900","qty":"0.09200000","quoteQty":"0.00296138","time":1602208960987,"isBuyerMaker":false,"isBestMatch":true},{"id":196829241,"price":"0.03218900","qty":"6.10400000","quoteQty":"0.19648165","time":1602208962702,"isBuyerMaker":false,"isBestMatch":true},{"id":196829242,"price":"0.03218900","qty":"1.89900000","quoteQty":"0.06112691","time":1602208962911,"isBuyerMaker":false,"isBestMatch":true},{"id":196829243,"price":"0.03218900","qty":"2.82000000","quoteQty":"0.09077298","time":1602208964376,"isBuyerMaker":false,"isBestMatch":true},{"id":196829244,"price":"0.03218900","qty":"0.03400000","quoteQty":"0.00109442","time":1602208965114,"isBuyerMaker":false,"isBestMatch":true},{"id":196829245,"price":"0.03218800","qty":"0.00400000","quoteQty":"0.00012875","time":1602208967423,"isBuyerMaker":true,"isBestMatch":true},{"id":196829246,"price":"0.03218900","qty":"1.48100000","quoteQty":"0.04767190","time":1602208974253,"isBuyerMaker":false,"isBestMatch":true},{"id":196829247,"price":"0.03218900","qty":"0.89600000","quoteQty":"0.02884134","time":1602208974309,"isBuyerMaker":false,"isBestMatch":true},{"id":196829248,"price":"0.03218900","qty":"0.01600000","quoteQty":"0.00051502","time":1602208975236,"isBuyerMaker":false,"isBestMatch":true},{"id":196829249,"price":"0.03218900","qty":"0.23100000","quoteQty":"0.00743565","time":1602208979087,"isBuyerMaker":false,"isBestMatch":true},{"id":196829250,"price":"0.03218900","qty":"0.00700000","quoteQty":"0.00022532","time":1602208979251,"isBuyerMaker":false,"isBestMatch":true},{"id":196829251,"price":"0.03218800","qty":"0.01600000","quoteQty":"0.00051500","time":1602208981662,"isBuyerMaker":true,"isBestMatch":true},{"id":196829252,"price":"0.03218900","qty":"1.26200000","quoteQty":"0.04062251","time":1602208982992,"isBuyerMaker":false,"isBestMatch":true},{"id":196829253,"price":"0.03218800","qty":"0.31400000","quoteQty":"0.01010703","time":1602208982997,"isBuyerMaker":true,"isBestMatch":true},{"id":196829254,"price":"0.03218600","qty":"1.00000000","quoteQty":"0.03218600","time":1602208983084,"isBuyerMaker":true,"isBestMatch":true},{"id":196829255,"price":"0.03218200","qty":"0.74700000","quoteQty":"0.02403995","time":1602208983748,"isBuyerMaker":true,"isBestMatch":true},{"id":196829256,"price":"0.03218700","qty":"14.13300000","quoteQty":"0.45489887","time":1602208992647,"isBuyerMaker":false,"isBestMatch":true},{"id":196829257,"price":"0.03218900","qty":"1.62200000","quoteQty":"0.05221055","time":1602208994826,"isBuyerMaker":false,"isBestMatch":true},{"id":196829258,"price":"0.03218900","qty":"2.48100000","quoteQty":"0.07986090","time":1602208995037,"isBuyerMaker":false,"isBestMatch":true},{"id":196829259,"price":"0.03219400","qty":"1.39400000","quoteQty":"0.04487843","time":1602208997458,"isBuyerMaker":false,"isBestMatch":true},{"id":196829260,"price":"0.03219200","qty":"1.00000000","quoteQty":"0.03219200","time":1602208998515,"isBuyerMaker":true,"isBestMatch":true},{"id":196829261,"price":"0.03218800","qty":"0.47100000","quoteQty":"0.01516054","time":1602209002853,"isBuyerMaker":true,"isBestMatch":true},{"id":196829262,"price":"0.03218700","qty":"0.06000000","quoteQty":"0.00193122","time":1602209005189,"isBuyerMaker":true,"isBestMatch":true},{"id":196829263,"price":"0.03218700","qty":"1.23800000","quoteQty":"0.03984750","time":1602209005500,"isBuyerMaker":true,"isBestMatch":true},{"id":196829264,"price":"0.03218800","qty":"1.23100000","quoteQty":"0.03962342","time":1602209006455,"isBuyerMaker":true,"isBestMatch":true},{"id":196829265,"price":"0.03218800","qty":"1.87200000","quoteQty":"0.06025593","time":1602209008323,"isBuyerMaker":true,"isBestMatch":true},{"id":196829266,"price":"0.03218900","qty":"2.27900000","quoteQty":"0.07335873","time":1602209010225,"isBuyerMaker":false,"isBestMatch":true},{"id":196829267,"price":"0.03218900","qty":"1.98500000","quoteQty":"0.06389516","time":1602209010858,"isBuyerMaker":false,"isBestMatch":true},{"id":196829268,"price":"0.03218800","qty":"0.22000000","quoteQty":"0.00708136","time":1602209023766,"isBuyerMaker":true,"isBestMatch":true},{"id":196829269,"price":"0.03218800","qty":"0.39600000","quoteQty":"0.01274644","time":1602209023766,"isBuyerMaker":true,"isBestMatch":true},{"id":196829270,"price":"0.03218800","qty":"0.15500000","quoteQty":"0.00498914","time":1602209023771,"isBuyerMaker":true,"isBestMatch":true},{"id":196829271,"price":"0.03218800","qty":"2.31700000","quoteQty":"0.07457959","time":1602209023798,"isBuyerMaker":true,"isBestMatch":true},{"id":196829272,"price":"0.03218700","qty":"10.63300000","quoteQty":"0.34224437","time":1602209023798,"isBuyerMaker":true,"isBestMatch":true},{"id":196829273,"price":"0.03218700","qty":"2.31700000","quoteQty":"0.07457727","time":1602209023803,"isBuyerMaker":true,"isBestMatch":true},{"id":196829274,"price":"0.03218500","qty":"0.12600000","quoteQty":"0.00405531","time":1602209023819,"isBuyerMaker":true,"isBestMatch":true},{"id":196829275,"price":"0.03218200","qty":"2.13300000","quoteQty":"0.06864420","time":1602209023837,"isBuyerMaker":true,"isBestMatch":true},{"id":196829276,"price":"0.03218000","qty":"13.77800000","quoteQty":"0.44337604","time":1602209024333,"isBuyerMaker":true,"isBestMatch":true},{"id":196829277,"price":"0.03218000","qty":"25.00000000","quoteQty":"0.80450000","time":1602209024419,"isBuyerMaker":true,"isBestMatch":true},{"id":196829278,"price":"0.03218000","qty":"1.22200000","quoteQty":"0.03932396","time":1602209024421,"isBuyerMaker":true,"isBestMatch":true},{"id":196829279,"price":"0.03218000","qty":"23.77800000","quoteQty":"0.76517604","time":1602209024421,"isBuyerMaker":true,"isBestMatch":true},{"id":196829280,"price":"0.03218000","qty":"1.22200000","quoteQty":"0.03932396","time":1602209024588,"isBuyerMaker":true,"isBestMatch":true},{"id":196829281,"price":"0.03218000","qty":"1.74800000","quoteQty":"0.05625064","time":1602209024588,"isBuyerMaker":true,"isBestMatch":true},{"id":196829282,"price":"0.03218000","qty":"1.49200000","quoteQty":"0.04801256","time":1602209025039,"isBuyerMaker":true,"isBestMatch":true},{"id":196829283,"price":"0.03218000","qty":"0.45400000","quoteQty":"0.01460972","time":1602209025781,"isBuyerMaker":true,"isBestMatch":true},{"id":196829284,"price":"0.03218000","qty":"0.62100000","quoteQty":"0.01998378","time":1602209026736,"isBuyerMaker":true,"isBestMatch":true},{"id":196829285,"price":"0.03218000","qty":"0.61600000","quoteQty":"0.01982288","time":1602209026800,"isBuyerMaker":true,"isBestMatch":true},{"id":196829286,"price":"0.03218000","qty":"0.05600000","quoteQty":"0.00180208","time":1602209027090,"isBuyerMaker":true,"isBestMatch":true},{"id":196829287,"price":"0.03218000","qty":"0.01200000","quoteQty":"0.00038616","time":1602209027261,"isBuyerMaker":true,"isBestMatch":true},{"id":196829288,"price":"0.03218000","qty":"0.70400000","quoteQty":"0.02265472","time":1602209027799,"isBuyerMaker":true,"isBestMatch":true},{"id":196829289,"price":"0.03218000","qty":"0.05800000","quoteQty":"0.00186644","time":1602209028433,"isBuyerMaker":true,"isBestMatch":true},{"id":196829290,"price":"0.03218000","qty":"0.06800000","quoteQty":"0.00218824","time":1602209028577,"isBuyerMaker":true,"isBestMatch":true},{"id":196829291,"price":"0.03218000","qty":"0.45400000","quoteQty":"0.01460972","time":1602209028746,"isBuyerMaker":true,"isBestMatch":true},{"id":196829292,"price":"0.03218000","qty":"0.97400000","quoteQty":"0.03134332","time":1602209028863,"isBuyerMaker":true,"isBestMatch":true},{"id":196829293,"price":"0.03218000","qty":"14.38300000","quoteQty":"0.46284494","time":1602209029180,"isBuyerMaker":true,"isBestMatch":true},{"id":196829294,"price":"0.03218000","qty":"16.09000000","quoteQty":"0.51777620","time":1602209029270,"isBuyerMaker":true,"isBestMatch":true},{"id":196829295,"price":"0.03218000","qty":"2.27000000","quoteQty":"0.07304860","time":1602209029298,"isBuyerMaker":true,"isBestMatch":true},{"id":196829296,"price":"0.03217700","qty":"0.64700000","quoteQty":"0.02081851","time":1602209033331,"isBuyerMaker":true,"isBestMatch":true},{"id":196829297,"price":"0.03217700","qty":"16.27700000","quoteQty":"0.52374502","time":1602209033331,"isBuyerMaker":true,"isBestMatch":true},{"id":196829298,"price":"0.03217600","qty":"0.40000000","quoteQty":"0.01287040","time":1602209034291,"isBuyerMaker":true,"isBestMatch":true},{"id":196829299,"price":"0.03217600","qty":"0.60000000","quoteQty":"0.01930560","time":1602209034347,"isBuyerMaker":true,"isBestMatch":true},{"id":196829300,"price":"0.03217300","qty":"0.13000000","quoteQty":"0.00418249","time":1602209036965,"isBuyerMaker":true,"isBestMatch":true},{"id":196829301,"price":"0.03217300","qty":"0.30200000","quoteQty":"0.00971624","time":1602209037076,"isBuyerMaker":true,"isBestMatch":true},{"id":196829302,"price":"0.03217600","qty":"0.02800000","quoteQty":"0.00090092","time":1602209039831,"isBuyerMaker":false,"isBestMatch":true},{"id":196829303,"price":"0.03217300","qty":"0.57600000","quoteQty":"0.01853164","time":1602209042231,"isBuyerMaker":true,"isBestMatch":true},{"id":196829304,"price":"0.03217500","qty":"0.09300000","quoteQty":"0.00299227","time":1602209042315,"isBuyerMaker":false,"isBestMatch":true},{"id":196829305,"price":"0.03217300","qty":"0.31100000","quoteQty":"0.01000580","time":1602209042654,"isBuyerMaker":true,"isBestMatch":true},{"id":196829306,"price":"0.03217600","qty":"1.45100000","quoteQty":"0.04668737","time":1602209043680,"isBuyerMaker":false,"isBestMatch":true},{"id":196829307,"price":"0.03217300","qty":"0.45500000","quoteQty":"0.01463871","time":1602209045967,"isBuyerMaker":true,"isBestMatch":true},{"id":196829308,"price":"0.03217300","qty":"2.40700000","quoteQty":"0.07744041","time":1602209046101,"isBuyerMaker":true,"isBestMatch":true},{"id":196829309,"price":"0.03217200","qty":"24.00000000","quoteQty":"0.77212800","time":1602209046101,"isBuyerMaker":true,"isBestMatch":true},{"id":196829310,"price":"0.03217000","qty":"40.00000000","quoteQty":"1.28680000","time":1602209046101,"isBuyerMaker":true,"isBestMatch":true},{"id":196829311,"price":"0.03217000","qty":"0.05000000","quoteQty":"0.00160850","time":1602209050766,"isBuyerMaker":false,"isBestMatch":true},{"id":196829312,"price":"0.03217000","qty":"5.77800000","quoteQty":"0.18587826","time":1602209051686,"isBuyerMaker":false,"isBestMatch":true},{"id":196829313,"price":"0.03216900","qty":"0.53900000","quoteQty":"0.01733909","time":1602209052948,"isBuyerMaker":true,"isBestMatch":true},{"id":196829314,"price":"0.03216900","qty":"0.17900000","quoteQty":"0.00575825","time":1602209055456,"isBuyerMaker":true,"isBestMatch":true},{"id":196829315,"price":"0.03217000","qty":"0.00800000","quoteQty":"0.00025736","time":1602209056335,"isBuyerMaker":false,"isBestMatch":true},{"id":196829316,"price":"0.03217000","qty":"2.00000000","quoteQty":"0.06434000","time":1602209058986,"isBuyerMaker":false,"isBestMatch":true},{"id":196829317,"price":"0.03216900","qty":"0.01300000","quoteQty":"0.00041819","time":1602209059213,"isBuyerMaker":true,"isBestMatch":true},{"id":196829318,"price":"0.03216900","qty":"0.13100000","quoteQty":"0.00421413","time":1602209061550,"isBuyerMaker":true,"isBestMatch":true},{"id":196829319,"price":"0.03217000","qty":"5.59500000","quoteQty":"0.17999115","time":1602209063701,"isBuyerMaker":false,"isBestMatch":true},{"id":196829320,"price":"0.03217000","qty":"5.65800000","quoteQty":"0.18201786","time":1602209064949,"isBuyerMaker":false,"isBestMatch":true},{"id":196829321,"price":"0.03217000","qty":"2.00000000","quoteQty":"0.06434000","time":1602209064978,"isBuyerMaker":false,"isBestMatch":true},{"id":196829322,"price":"0.03217000","qty":"0.81000000","quoteQty":"0.02605770","time":1602209065177,"isBuyerMaker":false,"isBestMatch":true},{"id":196829323,"price":"0.03217000","qty":"25.00000000","quoteQty":"0.80425000","time":1602209065402,"isBuyerMaker":false,"isBestMatch":true},{"id":196829324,"price":"0.03217000","qty":"0.15500000","quoteQty":"0.00498635","time":1602209065408,"isBuyerMaker":false,"isBestMatch":true},{"id":196829325,"price":"0.03217000","qty":"0.15500000","quoteQty":"0.00498635","time":1602209065408,"isBuyerMaker":false,"isBestMatch":true},{"id":196829326,"price":"0.03217000","qty":"0.15500000","quoteQty":"0.00498635","time":1602209065412,"isBuyerMaker":false,"isBestMatch":true},{"id":196829327,"price":"0.03217000","qty":"181.58800000","quoteQty":"5.84168596","time":1602209065418,"isBuyerMaker":false,"isBestMatch":true},{"id":196829328,"price":"0.03217600","qty":"1.40400000","quoteQty":"0.04517510","time":1602209065557,"isBuyerMaker":false,"isBestMatch":true},{"id":196829329,"price":"0.03217700","qty":"0.56800000","quoteQty":"0.01827653","time":1602209066231,"isBuyerMaker":false,"isBestMatch":true},{"id":196829330,"price":"0.03217700","qty":"0.62700000","quoteQty":"0.02017497","time":1602209066867,"isBuyerMaker":false,"isBestMatch":true},{"id":196829331,"price":"0.03217800","qty":"0.93700000","quoteQty":"0.03015078","time":1602209066963,"isBuyerMaker":false,"isBestMatch":true},{"id":196829332,"price":"0.03217800","qty":"6.63600000","quoteQty":"0.21353320","time":1602209067274,"isBuyerMaker":false,"isBestMatch":true},{"id":196829333,"price":"0.03217800","qty":"0.62100000","quoteQty":"0.01998253","time":1602209067612,"isBuyerMaker":false,"isBestMatch":true},{"id":196829334,"price":"0.03217800","qty":"8.39300000","quoteQty":"0.27006995","time":1602209068223,"isBuyerMaker":false,"isBestMatch":true},{"id":196829335,"price":"0.03217700","qty":"0.96700000","quoteQty":"0.03111515","time":1602209068702,"isBuyerMaker":true,"isBestMatch":true},{"id":196829336,"price":"0.03217800","qty":"0.31000000","quoteQty":"0.00997518","time":1602209068752,"isBuyerMaker":false,"isBestMatch":true},{"id":196829337,"price":"0.03217800","qty":"0.42400000","quoteQty":"0.01364347","time":1602209069072,"isBuyerMaker":false,"isBestMatch":true},{"id":196829338,"price":"0.03217800","qty":"6.67900000","quoteQty":"0.21491686","time":1602209069707,"isBuyerMaker":false,"isBestMatch":true},{"id":196829339,"price":"0.03218100","qty":"5.71700000","quoteQty":"0.18397877","time":1602209075467,"isBuyerMaker":false,"isBestMatch":true},{"id":196829340,"price":"0.03218100","qty":"2.00000000","quoteQty":"0.06436200","time":1602209076989,"isBuyerMaker":false,"isBestMatch":true},{"id":196829341,"price":"0.03218100","qty":"2.00000000","quoteQty":"0.06436200","time":1602209082997,"isBuyerMaker":false,"isBestMatch":true},{"id":196829342,"price":"0.03217900","qty":"2.00000000","quoteQty":"0.06435800","time":1602209089007,"isBuyerMaker":false,"isBestMatch":true},{"id":196829343,"price":"0.03217900","qty":"2.00000000","quoteQty":"0.06435800","time":1602209095005,"isBuyerMaker":false,"isBestMatch":true},{"id":196829344,"price":"0.03217900","qty":"2.00000000","quoteQty":"0.06435800","time":1602209101237,"isBuyerMaker":false,"isBestMatch":true},{"id":196829345,"price":"0.03217800","qty":"1.70500000","quoteQty":"0.05486349","time":1602209102345,"isBuyerMaker":true,"isBestMatch":true},{"id":196829346,"price":"0.03217800","qty":"10.29300000","quoteQty":"0.33120815","time":1602209102345,"isBuyerMaker":true,"isBestMatch":true},{"id":196829347,"price":"0.03218000","qty":"1.76800000","quoteQty":"0.05689424","time":1602209103820,"isBuyerMaker":false,"isBestMatch":true},{"id":196829348,"price":"0.03218100","qty":"1.48300000","quoteQty":"0.04772442","time":1602209104239,"isBuyerMaker":false,"isBestMatch":true},{"id":196829349,"price":"0.03218000","qty":"1.38500000","quoteQty":"0.04456930","time":1602209107121,"isBuyerMaker":false,"isBestMatch":true},{"id":196829350,"price":"0.03218000","qty":"0.00600000","quoteQty":"0.00019308","time":1602209110237,"isBuyerMaker":false,"isBestMatch":true},{"id":196829351,"price":"0.03217900","qty":"1.44100000","quoteQty":"0.04636993","time":1602209110802,"isBuyerMaker":true,"isBestMatch":true},{"id":196829352,"price":"0.03217900","qty":"0.01600000","quoteQty":"0.00051486","time":1602209121947,"isBuyerMaker":true,"isBestMatch":true},{"id":196829353,"price":"0.03218300","qty":"0.34300000","quoteQty":"0.01103876","time":1602209122465,"isBuyerMaker":false,"isBestMatch":true},{"id":196829354,"price":"0.03217700","qty":"1.48300000","quoteQty":"0.04771849","time":1602209124819,"isBuyerMaker":true,"isBestMatch":true},{"id":196829355,"price":"0.03217800","qty":"1.25200000","quoteQty":"0.04028685","time":1602209136500,"isBuyerMaker":false,"isBestMatch":true},{"id":196829356,"price":"0.03217600","qty":"1.50000000","quoteQty":"0.04826400","time":1602209140836,"isBuyerMaker":true,"isBestMatch":true},{"id":196829357,"price":"0.03217600","qty":"0.11800000","quoteQty":"0.00379676","time":1602209146199,"isBuyerMaker":true,"isBestMatch":true},{"id":196829358,"price":"0.03217600","qty":"0.00800000","quoteQty":"0.00025740","time":1602209150829,"isBuyerMaker":true,"isBestMatch":true},{"id":196829359,"price":"0.03217100","qty":"6.50000000","quoteQty":"0.20911150","time":1602209150829,"isBuyerMaker":true,"isBestMatch":true},{"id":196829360,"price":"0.03217100","qty":"0.29500000","quoteQty":"0.00949044","time":1602209150829,"isBuyerMaker":true,"isBestMatch":true},{"id":196829361,"price":"0.03217000","qty":"1.48400000","quoteQty":"0.04774028","time":1602209150829,"isBuyerMaker":true,"isBestMatch":true},{"id":196829362,"price":"0.03217000","qty":"5.85800000","quoteQty":"0.18845186","time":1602209150829,"isBuyerMaker":true,"isBestMatch":true},{"id":196829363,"price":"0.03217000","qty":"0.28600000","quoteQty":"0.00920062","time":1602209152207,"isBuyerMaker":true,"isBestMatch":true},{"id":196829364,"price":"0.03216900","qty":"0.28600000","quoteQty":"0.00920033","time":1602209155737,"isBuyerMaker":true,"isBestMatch":true},{"id":196829365,"price":"0.03216900","qty":"1.85200000","quoteQty":"0.05957698","time":1602209156190,"isBuyerMaker":true,"isBestMatch":true},{"id":196829366,"price":"0.03216900","qty":"1.73300000","quoteQty":"0.05574887","time":1602209156190,"isBuyerMaker":true,"isBestMatch":true},{"id":196829367,"price":"0.03216900","qty":"1.78300000","quoteQty":"0.05735732","time":1602209156190,"isBuyerMaker":true,"isBestMatch":true},{"id":196829368,"price":"0.03216700","qty":"0.31100000","quoteQty":"0.01000393","time":1602209157218,"isBuyerMaker":true,"isBestMatch":true},{"id":196829369,"price":"0.03216800","qty":"4.00000000","quoteQty":"0.12867200","time":1602209157404,"isBuyerMaker":false,"isBestMatch":true},{"id":196829370,"price":"0.03217100","qty":"0.27400000","quoteQty":"0.00881485","time":1602209157620,"isBuyerMaker":false,"isBestMatch":true},{"id":196829371,"price":"0.03217300","qty":"7.94800000","quoteQty":"0.25571100","time":1602209161126,"isBuyerMaker":false,"isBestMatch":true},{"id":196829372,"price":"0.03217600","qty":"0.53700000","quoteQty":"0.01727851","time":1602209170327,"isBuyerMaker":true,"isBestMatch":true},{"id":196829373,"price":"0.03217200","qty":"1.45500000","quoteQty":"0.04681026","time":1602209178911,"isBuyerMaker":true,"isBestMatch":true},{"id":196829374,"price":"0.03217200","qty":"4.45900000","quoteQty":"0.14345494","time":1602209179462,"isBuyerMaker":true,"isBestMatch":true},{"id":196829375,"price":"0.03217100","qty":"0.58000000","quoteQty":"0.01865918","time":1602209188813,"isBuyerMaker":true,"isBestMatch":true},{"id":196829376,"price":"0.03217100","qty":"0.02000000","quoteQty":"0.00064342","time":1602209189123,"isBuyerMaker":true,"isBestMatch":true}]